@misc{CizekWWW1,
  author       = {Martin Čížek},
  title        = {NOFY076 - Kvantová teorie I},
  howpublished = {\url{https://utf.mff.cuni.cz/~cizek/KvantovkaI/NOFY076.htm}},
  note         = {[online]}
}

@misc{CizekWWW2,
  author       = {Martin Čížek},
  title        = {NOFY079 - Kvantová teorie II},
  howpublished = {\url{http://utf.mff.cuni.cz/~cizek/KvantovkaII/NOFY079.htm}},
  note         = {[online]}
}

@misc{Cejnar,
  author       = {Pavel Cejnar},
  title        = {Kvantová teorie},
  howpublished = {\url{https://www-ucjf.troja.mff.cuni.cz/cejnar/prednasky/qm.html}},
  note         = {[online]}
}
